@misc{family,
    author = {InterPro},
    title = {Pyridoxamine kinase/Phosphomethylpyrimidine kinase},
    note = {\url{{https://www.ebi.ac.uk/interpro/entry/InterPro/IPR013749/}}
}

@misc{representative_protein,
    author = {UniProt},
    title = {Phosphomethylpyrimidine kinase},
    note = {\url{{https://www.uniprot.org/uniprotkb/A0A0J9X285/entry}}
}


https://www.uniprot.org/uniprotkb/A0A0J9X285/entry

@misc{WDR5,
    author = {ELM Database},
    title = {WDR5 WD40 repeat (blade 5,6)-binding ligand},
    note = {\url{http://elm.eu.org/elms/LIG_WD40_WDR5_VDV_2.html}}
}

@misc{N-myristoylation,
    author = {ProSite Database},
    title = {N-myristoylation site},
    note = {\url{https://prosite.expasy.org/PDOC00008}}
}